@online{Space_Agency_Terminology,
  title = {Терминология космических явлений},
  author = {Космическое агентство},
  howpublished = {\url{https://spaceagency.gov.ru/terminology/cosmic_phenomena}},
  note = {(дата обращения: 20.06.2024)}
}

@online{Space_Data_2020,
  title = {Статистика космических аномалий за 2020 год},
  author = {Космическое агентство},
  howpublished = {\url{https://spaceagency.gov.ru/statistics/anomalies_2020}},
  note = {(дата обращения: 20.06.2024)}
}